<?xml version="1.0" encoding="UTF-8"?><collection xmlns="http://www.loc.gov/MARC21/slim"><record><leader>00498nam--2200157-i-4500</leader><controlfield tag="001">000038435</controlfield><controlfield tag="002">20161230</controlfield><controlfield tag="005">20170128200621</controlfield><controlfield tag="008">060222s1000------------r-----000-0-eng-d</controlfield><datafield ind1=" " ind2=" " tag="080"><subfield code="a">621.375.826:061.3:537.533.3</subfield></datafield><datafield ind1=" " ind2=" " tag="245"><subfield code="a">Record of the 11th symposium on electron, ion and laser beam technology. Boulder, Colorado,12-14 May 1971</subfield></datafield><datafield ind1=" " ind2=" " tag="260"><subfield code="a">San Francisco</subfield><subfield code="b">San Francisco Press,Inc</subfield><subfield code="c">1971</subfield></datafield><datafield ind1=" " ind2=" " tag="300"><subfield code="a">VII + 695 p</subfield></datafield><datafield ind1=" " ind2=" " tag="700"><subfield code="a">Thornley, R. F. M</subfield></datafield><datafield ind1=" " ind2=" " tag="852"><subfield code="a">37929</subfield></datafield><datafield ind1=" " ind2=" " tag="CAT"><subfield code="a">SYS</subfield><subfield code="c">20170128</subfield><subfield code="h">200621</subfield></datafield></record></collection>